<?xml version='1.0' encoding='UTF-8'?>
<record xmlns="http://www.loc.gov/MARC21/slim">
  <leader>01249cam a2200325 a 4500</leader>
  <controlfield tag="001">821489</controlfield>
  <controlfield tag="003">NjP</controlfield>
  <controlfield tag="005">20171024104259.0</controlfield>
  <controlfield tag="008">930716s1912    le            000 0 ara d</controlfield>
  <datafield tag="024" ind1="7" ind2=" ">
    <subfield code="a">princeton_aco002827</subfield>
    <subfield code="2">local</subfield>
  </datafield>
  <datafield ind1=" " ind2=" " tag="035">
    <subfield code="a">(OCoLC)ocn176212931</subfield>
  </datafield>
  <datafield ind1=" " ind2=" " tag="035">
    <subfield code="a">(OCoLC)28543458</subfield>
  </datafield>
  <datafield ind1=" " ind2=" " tag="040">
    <subfield code="a">NjP</subfield>
    <subfield code="c">PUL</subfield>
    <subfield code="d">PUL</subfield>
  </datafield>
  <datafield ind1=" " ind2=" " tag="035">
    <subfield code="a">(OCoLC)176212931</subfield>
  </datafield>
  <datafield ind1=" " ind2=" " tag="035">
    <subfield code="a">(CStRLIN)NJPG93-B38780</subfield>
  </datafield>
  <datafield ind1=" " ind2=" " tag="035">
    <subfield code="9">AEB3342TS</subfield>
  </datafield>
  <datafield ind1=" " ind2=" " tag="035">
    <subfield code="a">(NjP)821489</subfield>
  </datafield>
  <datafield ind1=" " ind2=" " tag="079">
    <subfield code="a">ocm28543458</subfield>
  </datafield>
  <datafield ind1=" " ind2=" " tag="049">
    <subfield code="a">PULL</subfield>
  </datafield>
  <datafield ind1="1" ind2=" " tag="100">
    <subfield code="6">880-01</subfield>
    <subfield code="a">Idlibī, Muḥammad Khayrjabīrū.</subfield>
  </datafield>
  <datafield ind1="1" ind2="0" tag="245">
    <subfield code="6">880-02</subfield>
    <subfield code="a">Midād al-qalam bi-kalimāt al-ḥikam /</subfield>
    <subfield code="c">naẓm Muḥammad Khayrjabīrū Idlibī.</subfield>
  </datafield>
  <datafield ind1=" " ind2=" " tag="260">
    <subfield code="6">880-03</subfield>
    <subfield code="a">Bayrūt :</subfield>
    <subfield code="b">Maṭbaʻat Jarīdat al-Iqbāl,</subfield>
    <subfield code="c">1331 [1912 or 1913]</subfield>
  </datafield>
  <datafield ind1=" " ind2=" " tag="300">
    <subfield code="a">36 p. ;</subfield>
    <subfield code="c">21 cm.</subfield>
  </datafield>
  <datafield ind1=" " ind2="0" tag="650">
    <subfield code="a">Islam</subfield>
    <subfield code="x">Miscellanea.</subfield>
    <subfield code="0">http://id.loc.gov/authorities/subjects/sh2008104945</subfield>
  </datafield>
  <datafield ind1="1" ind2=" " tag="880">
    <subfield code="6">100-01/r</subfield>
    <subfield code="a">ادلبي، محمد خيرجبيروا.</subfield>
  </datafield>
  <datafield ind1="1" ind2="0" tag="880">
    <subfield code="6">245-02/r</subfield>
    <subfield code="a">مداد القلم بكلمات الحكم /</subfield>
    <subfield code="c">نظم محمد خيرجبيروا ادلبي.</subfield>
  </datafield>
  <datafield ind1=" " ind2=" " tag="880">
    <subfield code="6">260-03/r</subfield>
    <subfield code="a">بيروت :</subfield>
    <subfield code="b">مطبعة جريدة الاقبال،</subfield>
    <subfield code="c">1331 [1912 or 1913]</subfield>
  </datafield>
  <datafield ind1=" " ind2=" " tag="998">
    <subfield code="a">07/16/93</subfield>
    <subfield code="s">9114</subfield>
    <subfield code="n">NjP</subfield>
    <subfield code="d">07/16/93</subfield>
    <subfield code="c">JEB</subfield>
    <subfield code="b">JEB</subfield>
    <subfield code="i">930716</subfield>
    <subfield code="l">NJPG</subfield>
  </datafield>
  <datafield ind1=" " ind2=" " tag="911">
    <subfield code="a">19930723</subfield>
  </datafield>
  <datafield ind1=" " ind2=" " tag="912">
    <subfield code="a">19930716000000.0</subfield>
  </datafield>
  <datafield ind1=" " ind2=" " tag="994">
    <subfield code="a">C0</subfield>
    <subfield code="b">PUL</subfield>
  </datafield>
  <datafield ind1=" " ind2=" " tag="999">
    <subfield code="a">821489</subfield>
  </datafield>
  <datafield ind1="0" ind2="0" tag="852">
    <subfield code="0">933774</subfield>
    <subfield code="b">rcppa</subfield>
    <subfield code="t">1</subfield>
    <subfield code="h">BP161</subfield>
    <subfield code="i">.A342 1912</subfield>
    <subfield code="x">tr fr arab</subfield>
  </datafield>
  <datafield ind1=" " ind2=" " tag="959">
    <subfield code="a">2000-06-13 00:00:00 -0500</subfield>
  </datafield>
</record>
